@book{jkatz,
  title			= {{Race Car Aerodynamics}},
  author		= {Joseph Katz},
  isbn			= {800-423-495/617-547-4170},
  year			= {2003},
  Edition   = {2nd},
  publisher	= {BentleyPublishers}
}

@online{bulba,
	title	   	 = {{Bulbapedia}},
	howpublished = "\url{http://bulbapedia.bulbagarden.net/wiki/Eevee}"	,
	year         = {2016},
	month        = {may},
}

@online{CLvalues,
author = {lcdesign},
title = {Formula SAE Aerodynamics},
howpublished = "\url{https://sites.google.com/site/lcdesignwork/case-studies/automotive-case-studies/formula-sae}",
}

@book{taylor2005classical,
  title={Classical Mechanics},
  author={Taylor, J.R.},
  isbn={9781891389221},
  lccn={2004054971},
  url={https://books.google.dk/books?id=P1kCtNr-pJsC},
  year={2005},
  publisher={University Science Books}
}

@online{tyrefriction,
author = {HPWizard},
title = {Tire friction and rolling resistance coefficients},
accessed = {2018},
howpublished = "\url{http://hpwizard.com/tire-friction-coefficient.html}",
}

@book{FSrules18,
author = {IMechE: Institution of Mechanical Engineers},
title = {Formula Student Rules},
year = {2018},
howpublished = "\url{http://www.imeche.org/docs/default-source/1-oscar/formula-student/fs-rules_2018_v1-1.pdf?sfvrsn=2}",
}

@book{hucho,
author = {Hucho W.},
title = {Aerodynamics of road vehicles},
year = {1998},
edition = {4th},
publisher = {Warrendale},
}

@online{nasatipvortex,
author = {NASA Langley Research Center},
title = {Vortex created by the passage of an aircraft wing},
accessed = {1996},
howpublished = "\url{https://en.wikipedia.org/wiki/Vortex#/media/File:Airplane_vortex_edit.jpg}",
}

@online{nasainduceddrag,
author = {NASA},
title = {Induced Drag Coefficient},
accessed = {1996},
howpublished = "\url{https://www.grc.nasa.gov/www/k-12/airplane/induced.html}",
}

@online{peterkampf,
author = {Peter KÃ¤mpf},
title = {Lift Creation and Induced Drag},
howpublished = "\url{https://aviation.stackexchange.com/questions/8556/is-a-winglet-better-than-an-equal-span-extension/8579#8579}",
}
